@article{saeb2017scalable,
  title={Scalable passive sleep monitoring using mobile phones: opportunities and obstacles},
  author={Saeb, Sohrab and Cybulski, Thaddeus R and Schueller, Stephen M and Kording, Konrad P and Mohr, David C},
  journal={Journal of medical Internet research},
  volume={19},
  number={4},
  year={2017},
  publisher={JMIR Publications Inc.}
}

@inproceedings{jaques2015predicting,
  title={Predicting students' happiness from physiology, phone, mobility, and behavioral data},
  author={Jaques, Natasha and Taylor, Sara and Azaria, Asaph and Ghandeharioun, Asma and Sano, Akane and Picard, Rosalind},
  booktitle={Affective computing and intelligent interaction (ACII), 2015 international conference on},
  pages={222--228},
  year={2015},
  organization={IEEE}
}

@inproceedings{bogomolov2013happiness,
  title={Happiness recognition from mobile phone data},
  author={Bogomolov, Andrey and Lepri, Bruno and Pianesi, Fabio},
  booktitle={Social Computing (SocialCom), 2013 International Conference on},
  pages={790--795},
  year={2013},
  organization={IEEE}
}

@article{mehrotra2017understanding,
  title={Understanding the role of places and activities on mobile phone interaction and usage patterns},
  author={Mehrotra, Abhinav and M{\"u}ller, Sandrine R and Harari, Gabriella M and Gosling, Samuel D and Mascolo, Cecilia and Musolesi, Mirco and Rentfrow, Peter J},
  journal={Proceedings of the ACM on Interactive, Mobile, Wearable and Ubiquitous Technologies},
  volume={1},
  number={3},
  pages={84},
  year={2017},
  publisher={ACM}
}

@inproceedings{pielot2015attention,
  title={When attention is not scarce-detecting boredom from mobile phone usage},
  author={Pielot, Martin and Dingler, Tilman and Pedro, Jose San and Oliver, Nuria},
  booktitle={Proceedings of the 2015 ACM international joint conference on pervasive and ubiquitous computing},
  pages={825--836},
  year={2015},
  organization={ACM}
}

@article{pratap2018accuracy,
  title={The accuracy of passive phone sensors in predicting daily mood},
  author={Pratap, Abhishek and Atkins, David C and Renn, Brenna N and Tanana, Michael J and Mooney, Sean D and Anguera, Joaquin A and Are{\'a}n, Patricia A},
  journal={Depression and anxiety},
  year={2018},
  publisher={Wiley Online Library}
}

@inproceedings{min2013mining,
  title={Mining smartphone data to classify life-facets of social relationships},
  author={Min, Jun-Ki and Wiese, Jason and Hong, Jason I and Zimmerman, John},
  booktitle={Proceedings of the 2013 conference on Computer supported cooperative work},
  pages={285--294},
  year={2013},
  organization={ACM}
}

@inproceedings{wiese2015you,
  title={You never call, you never write: Call and sms logs do not always indicate tie strength},
  author={Wiese, Jason and Min, Jun-Ki and Hong, Jason I and Zimmerman, John},
  booktitle={Proceedings of the 18th ACM conference on computer supported cooperative work \& social computing},
  pages={765--774},
  year={2015},
  organization={ACM}
}

@article{mohr2017personal,
  title={Personal sensing: understanding mental health using ubiquitous sensors and machine learning},
  author={Mohr, David C and Zhang, Mi and Schueller, Stephen M},
  journal={Annual review of clinical psychology},
  volume={13},
  pages={23--47},
  year={2017},
  publisher={Annual Reviews}
}

@article{geyer2018simple,
  title={A simple location-tracking app for psychological research},
  author={Geyer, Kristoffer and Ellis, David A and Piwek, Lukasz},
  journal={Behavior Research Methods},
  pages={1--7},
  year={2018},
  publisher={Springer}
}

@article{zhong2013user,
  title={User demographics prediction based on mobile data},
  author={Zhong, Erheng and Tan, Ben and Mo, Kaixiang and Yang, Qiang},
  journal={Pervasive and mobile computing},
  volume={9},
  number={6},
  pages={823--837},
  year={2013},
  publisher={Elsevier}
}

@article{demasi2017meaningless,
  title={Meaningless comparisons lead to false optimism in medical machine learning},
  author={DeMasi, Orianna and Kording, Konrad and Recht, Benjamin},
  journal={PloS one},
  volume={12},
  number={9},
  pages={e0184604},
  year={2017},
  publisher={Public Library of Science}
}


@article{austin1998individual,
  title={Individual response spread in self-report scales: Personality correlations and consequences},
  author={Austin, Elizabeth J and Deary, Ian J and Gibson, Gavin J and McGregor, Murray J and Dent, J Barry},
  journal={Personality and Individual Differences},
  volume={24},
  number={3},
  pages={421--438},
  year={1998},
  publisher={Elsevier}
}


@inproceedings{feurer2015efficient,
  title={Efficient and robust automated machine learning},
  author={Feurer, Matthias and Klein, Aaron and Eggensperger, Katharina and Springenberg, Jost and Blum, Manuel and Hutter, Frank},
  booktitle={Advances in Neural Information Processing Systems},
  pages={2962--2970},
  year={2015}
}


@inproceedings{jaques2015multi,
  title={Multi-task, multi-kernel learning for estimating individual wellbeing},
  author={Jaques, Natasha and Taylor, Sara and Sano, Akane and Picard, Rosalind}
}

@article{yu2017semi,
  title={A semi-supervised social relationships inferred model based on mobile phone data},
  author={Yu, Chen and Wang, Namin and Yang, Laurence T and Yao, Dezhong and Hsu, Ching-Hsien and Jin, Hai},
  journal={Future Generation Computer Systems},
  volume={76},
  pages={458--467},
  year={2017},
  publisher={Elsevier}
}

@inproceedings{dwarakanath2016analyzing,
  title={Analyzing the influence of instant messaging on user relationship estimation},
  author={Dwarakanath, Rahul and Charrier, J{\'e}r{\^o}me and Englert, Frank and Hans, Ronny and Stingl, Dominik and Steinmetz, Ralf},
  booktitle={2016 IEEE International Conference on Mobile Services (MS)},
  pages={49--56},
  year={2016},
  organization={IEEE}
}

@inproceedings{bao2015commsense,
  title={Commsense: Identify social relationship with phone contacts via mining communications},
  author={Bao, Xuan and Yang, Jun and Yan, Zhixian and Luo, Lu and Jiang, Yifei and Tapia, Emmanuel Munguia and Welbourne, Evan},
  booktitle={2015 16th IEEE International Conference on Mobile Data Management},
  volume={1},
  pages={227--234},
  year={2015},
  organization={IEEE}
}